%%%%%%%%%%%%%%%%%%%%%%%%%%%%%%%%%%
%% Mis fuentes

@misc{oms2022road,
	author = {OMS},
	title = {Road Traffic Injuries},
	year = {2022},
	url = {https://www.who.int/news-room/fact-sheets/detail/road-traffic-injuries},
}

@article{michelaraki2023realtime,
	title={Real-time monitoring of driver distraction: State-of-the-art and future insights},
	author={Michelaraki, Evangelia and Katrakazas, Christos and Kaiser, Simon and Brijs, Tom and Yannis, George},
	year={2023},
	journal={Accident Analysis \& Prevention},
	volume={192},
	pages={107241},
	doi={10.1016/j.aap.2023.107241},
	url={https://doi.org/10.1016/j.aap.2023.107241},
}

@article{papantoniou2017review,
	title={Review of driving performance parameters critical for distracted driving research},
	author={Papantoniou, Panagiotis and Papadimitriou, Eleonora and Yannis, George},
	year={2017},
	journal={Transportation Research Procedia},
	volume={25},
	pages={1796-1805},
	doi={10.1016/j.trpro.2017.05.148},
	url={https://doi.org/10.1016/j.trpro.2017.05.148},
}

@misc{pnp2021anuario,
	author = {PNP},
	title = {Anuario Estadístico Policial - Policía Nacional del Perú},
	year = {2021},
	url = {https://web.policia.gob.pe/anuario_estadistico/documentos/ANUARIO%20PNP%202021.pdf},
}

@article{montiel2019sistema,
	title={Sistema embebido de bajo costo para la asistencia al conductor mediante procesamiento de expresiones faciales.},
	author={Montiel, Cinthia Viviana Alc{\'a}ntara and others},
	year={2019}
}

@article{begum2021real,
	title={Real Time Detection of Driver Cognitive Distraction Using Machine Learning Classifiers},
	author={Begum, A Sumaiya and Poonkuzhali, Ms P and Jalashree, J and Damini, K and DeepaPrabha, SM},
	journal={Annals of the Romanian Society for Cell Biology},
	pages={10848--10857},
	year={2021},
	url={http://www.annalsofrscb.ro/index.php/journal/article/view/3856},
}

@article{agrawal2023evaluating,
	title={Evaluating the cognitive and psychological effects of real-time auditory travel information on drivers using EEG},
	author={Agrawal, S. and Peeta, S. and Benedyk, I.},
	year={2023},
	journal={Behaviour \& Information Technology},
	volume={42},
	number={10},
	pages={1617-1639},
	doi={10.1080/0144929X.2022.2093273},
	url={https://doi.org/10.1080/0144929X.2022.2093273},
}

@article{masood2020detecting,
	title={Detecting distraction of drivers using Convolutional Neural Network},
	author={Masood, S. and Rai, A. and Aggarwal, A. and Doja, M. N. and Ahmad, M.},
	year={2020},
	journal={Pattern Recognition Letters},
	volume={139},
	pages={79-85},
	doi={10.1016/j.patrec.2017.12.023},
	url={https://doi.org/10.1016/j.patrec.2017.12.023},
}


@online{fundacioncarlosslim2016,
	author = {{Fundación Carlos Slim}},
	year = {2016},
	title = {Distracciones al conducir – Seguridad Vial},
	url = {https://fundacioncarlosslim.org/distracciones-al-conducir-seguridad-vial/}
}

@online{dewesoft2021,
	author = {DEWESoft},
	year = {2021},
	title = {What is ADAS (Advanced Driver Assistance Systems)},
	url = {https://dewesoft.com/blog/what-is-adas}
}

@article{khan2019comprehensive,
	author = {Khan, Muhammad Qasim and Lee, Sangsoon},
	year = {2019},
	title = {A Comprehensive Survey of Driving Monitoring and Assistance Systems},
	journal = {Sensors},
	volume = {19},
	number = {11},
	pages = {2574},
	doi = {10.3390/s19112574},
	url = {https://doi.org/10.3390/s19112574}
}

@article{hayley2021driver,
	author = {Hayley, A. C. and Shiferaw, B. and Aitken, B. and Vinckenbosch, F. and Brown, T. L. and Downey, L. A.},
	year = {2021},
	title = {Driver monitoring systems (DMS): The future of impaired driving management?},
	journal = {Traffic Injury Prevention},
	url = {https://www.tandfonline.com/doi/abs/10.1080/15389588.2021.1899164}
}

@article{li2021survey,
	author = {Li, W. and Huang, J. and Xie, G. and Karray, F. and Li, R.},
	year = {2021},
	title = {A survey on vision-based driver distraction analysis},
	journal = {Journal of Systems Architecture},
	volume = {121},
	pages = {102319},
	doi = {10.1016/j.sysarc.2021.102319},
	url = {https://doi.org/10.1016/j.sysarc.2021.102319}
}

@article{arcoverde2014enhanced,
	author = {Arcoverde Neto, E. N. and Duarte, R. M. and Barreto, R. M. and Magalhães, J. P. and Bastos, C. C. M. and Ren, T. I. and Cavalcanti, G. D. C.},
	year = {2014},
	title = {Enhanced real-time head pose estimation system for mobile device},
	journal = {Integrated Computer-Aided Engineering},
	volume = {21},
	number = {3},
	pages = {281-293},
	doi = {10.3233/ICA-140462},
	url = {https://doi.org/10.3233/ICA-140462}
}


@book{szeliski2022computervision,
	author = {Szeliski, Richard},
	year = {2022},
	title = {Computer Vision: Algorithms and Applications},
	publisher = {Springer International Publishing},
	doi = {10.1007/978-3-030-34372-9}
}

@online{aws2023facialrecognition,
	author = {{Amazon Web Services, Inc.}},
	year = {2023},
	title = {¿Qué es el reconocimiento facial? - Explicación del software de reconocimiento facial y análisis facial - AWS},
	url = {https://aws.amazon.com/es/what-is/facial-recognition/}
}

@article{shetty2021facialrecognition,
	author = {Shetty, A. B. and Bhoomika and Deeksha and Rebeiro, J. and Ramyashree},
	year = {2021},
	title = {Facial recognition using Haar cascade and LBP classifiers},
	journal = {Global Transitions Proceedings},
	volume = {2},
	number = {2},
	pages = {330-335},
	doi = {10.1016/j.gltp.2021.08.044},
	url = {https://doi.org/10.1016/j.gltp.2021.08.044}
}

@online{mediapipe2023face,
	author = {Mediapipe},
	year = {2023},
	title = {Face landmark detection guide},
	organization = {Google for Developers},
	url = {https://developers.google.com/mediapipe/solutions/vision/face_landmarker},
}

@online{dlib2015intro,
	author = {Dlib},
	year = {2015},
	title = {dlib C++ Library - Introduction},
	url = {http://dlib.net/intro.html},
}

@article{zhang2016joint,
	author = {Zhang, K. and Zhang, Z. and Li, Z. and Qiao, Y.},
	year = {2016},
	title = {Joint Face Detection and Alignment Using Multitask Cascaded Convolutional Networks},
	journal = {IEEE Signal Processing Letters},
	volume = {23},
	number = {10},
	pages = {1499-1503},
	doi = {10.1109/LSP.2016.2603342},
}

@book{olabe1998redes,
	author = {Olabe, X. B.},
	year = {1998},
	title = {Redes neuronales artificiales y sus aplicaciones},
	publisher = {Publicaciones de la Escuela de Ingenieros},
}

@online{ibm2021redesneuronales,
	author = {IBM},
	year = {2021},
	title = {¿Qué son las redes neuronales?},
	url = {https://www.ibm.com/mx-es/topics/neural-networks},
}

@online{mathworksredneurconvolucional,
	author = {MathWorks},
	title = {¿Qué es una red neuronal convolucional? | 3 cosas que debe saber},
	url = {https://es.mathworks.com/discovery/convolutional-neural-network-matlab.html},
	note = {Recuperado 25 de agosto de 2023},
}

@online{manning2019computerVision,
	author    = {Manning},
	title     = {How Does Computer Vision Work?},
	year      = {2019},
	month     = {February 13},
	url       = {https://freecontent.manning.com/mental-model-graphic-grokking-deep-learning-for-computer-vision/},
	note      = {Manning},
}

@book{delBrioMolina2001,
	author    = {Brío, B. M. del and Molina, A. S.},
	title     = {Redes neuronales y sistemas borrosos},
	year      = {2001},
	publisher = {Ra-Ma},
}

@online{torchvision,
	author = {Torchvision},
	title = {Models and pre-trained weights — Torchvision 0.15 documentation},
	year = {2023},
	url = {https://pytorch.org/vision/stable/models.html},
}

@article{asperti2023deep,
	author = {Asperti, Andrea and Filippini, Dario},
	title = {Deep Learning for Head Pose Estimation: A Survey},
	journal = {SN Computer Science},
	volume = {4},
	number = {4},
	pages = {349},
	year = {2023},
	doi = {10.1007/s42979-023-01796-z},
	url = {https://doi.org/10.1007/s42979-023-01796-z},
}
%% area de estudio
@article{yarleque2018projections,
	title={Projections of the future disappearance of the Quelccaya Ice Cap in the Central Andes},
	author={Yarleque, Christian and Vuille, Mathias and Hardy, Douglas R and Timm, Oliver Elison and De la Cruz, Jorge and Ramos, Hugo and Rabatel, Antoine},
	journal={Scientific reports},
	volume={8},
	number={1},
	pages={15564},
	year={2018},
	publisher={Nature Publishing Group UK London}
}


%% Problematica
@article{aliaga2018retroceso,
	title={Retroceso glaciar del Nevado Huaytapallana como consecuencia del calentamiento global},
	author={Aliaga, Jacinto Arroyo and Cosme, Lourdes Artica},
	journal={Naturaleza y Sociedad},
	volume={1},
	number={1},
	year={2018}
}

@article{ruiz2023deglaciacion,
	title={Deglaciaci{\'o}n del nevado Palcaraju y probable desbordamiento de la laguna Palcacocha. Consecuencias futuras y posibles acciones},
	author={Ruiz, Norma de los Angeles Tarrillo},
	journal={Justicia Ambiental. Revista del Poder Judicial del Per{\'u} especializada en la Protecci{\'o}n del Ambiente},
	volume={3},
	number={3},
	pages={93--114},
	year={2023}
}

@article{seimon2017long,
	title={Long-term monitoring of tropical alpine habitat change, Andean anurans, and chytrid fungus in the Cordillera Vilcanota, Peru: Results from a decade of study},
	author={Seimon, Tracie A and Seimon, Anton and Yager, Karina and Reider, Kelsey and Delgado, Amanda and Sowell, Preston and Tupayachi, Alfredo and Konecky, Bronwen and McAloose, Denise and Halloy, Stephan},
	journal={Ecology and Evolution},
	volume={7},
	number={5},
	pages={1527--1540},
	year={2017},
	publisher={Wiley Online Library}
}

@article{cabrera2019curvas,
	title={Las curvas de capacidad de potencia y el an{\'a}lisis gr{\'a}fico de los l{\'\i}mites de operaci{\'o}n del generador s{\'\i}ncrono},
	author={Cabrera Paredes, Jimi Franco and Castillo Melendez, Giraldo},
	year={2019},
	publisher={Universidad Nacional de San Antonio Abad del Cusco}
}

@article{porcel2015iniciacion,
	title={Iniciaci{\'o}n de un monitoreo del balance de masa en el glaciar Suyuparina, Cordillera Vilcanota, Per{\'u}},
	author={Porcel, Edwin Molina},
	journal={Cambio Clim{\'a}tico en los Andes Tropicales},
	volume={2},
	number={2},
	pages={1--14},
	year={2015}
}

@article{taylor2022multi,
	title={Multi-decadal glacier area and mass balance change in the Southern Peruvian Andes},
	author={Taylor, Liam S and Quincey, Duncan J and Smith, Mark W and Potter, Emily R and Castro, Joshua and Fyffe, Catriona L},
	journal={Frontiers in Earth Science},
	volume={10},
	year={2022},
	publisher={Frontiers Media SA}
}

@article{sanchez2018teledeteccion,
	title={La teledetecci{\'o}n en investigaciones ecol{\'o}gicas como apoyo a la conservaci{\'o}n de la biodiversidad: una revisi{\'o}n},
	author={S{\'a}nchez-D{\'\i}az, Baltazar},
	journal={Revista cient{\'\i}fica},
	number={33},
	pages={243--253},
	year={2018},
	publisher={Universidad Distrital Francisco Jos{\'e} de Caldas}
}

@article{zuluaga2021modelos,
	title={Modelos implementados en el an{\'a}lisis de series de tiempo de temperatura superficial e {\'\i}ndices de vegetaci{\'o}n: una propuesta taxon{\'o}mica en el contexto de cambio clim{\'a}tico global},
	author={Zuluaga G{\'o}mez, Oscar Arley and Pati{\~n}o Quinch{\'\i}a, Jorge Eduardo and Valencia Hern{\'a}ndez, German Mauricio},
	journal={Revista de Geograf{\'\i}a Norte Grande},
	number={78},
	pages={323--344},
	year={2021},
	publisher={SciELO Chile}
}

@article{duran2015recent,
	title={Recent trends on glacier area retreat over the group of Nevados Caullaraju-Pastoruri (Cordillera Blanca, Peru) using Landsat imagery},
	author={Dur{\'a}n-Alarc{\'o}n, Claudio and Gevaert, Caroline M and Mattar, Cristian and Jim{\'e}nez-Mu{\~n}oz, Juan C and Pasapera-Gonzales, Jos{\'e} J and Sobrino, Jos{\'e} A and Silvia-Vidal, Yamina and Fash{\'e}-Raymundo, Octavio and Chavez-Espiritu, Tulio W and Santillan-Portilla, Nelson},
	journal={Journal of South American Earth Sciences},
	volume={59},
	pages={19--26},
	year={2015},
	publisher={Elsevier}
}
@article{costa2022migraccoes,
	title={Migra{\c{c}}{\~o}es na comunidade campesina de Phinaya, Cordilheira Vilcanota, Peru: contexto das mudan{\c{c}}as clim{\'a}ticas e socioambientais},
	author={Costa, Rafaela Mattos},
	year={2022}
}

%% Antecedentes

@misc{gerens,
	title={Más del 50\% de la superficie glaciar en el Perú ha desaparecido},
	author={Gerens},
	howpublished={Obtenido de \url{https://gerens.pe/blog/mas-del-50-de-la-superficie-glaciar-en-el-peru-ha-desaparecido/}}
}

@online{nasa2024,
	author    = {NASA},
	title     = {El casquete de hielo de Quelccaya: Antes y ahora},
	year      = {2024},
	url       = {https://ciencia.nasa.gov/ciencias-terrestres/el-casquete-de-hielo-de-quelccaya-antes-y-ahora/},
	note      = {Accedido: 2024-11-12}
}

@online{ojopublico2024,
	author    = {Ojo Público},
	title     = {El pacto milenario: Los guardianes del hielo en el Cusco},
	year      = {2024},
	url       = {https://ojo-publico.com/4494/el-pacto-milenario-los-guardianes-del-hielo-el-cusco},
	note      = {Accedido: 2024-11-12}
}
@article{nullis2018ipcc,
	title={El IPCC publica el Informe especial sobre el calentamiento global de 1, 5 C},
	author={Nullis, Clare},
	journal={Oficina de Comunicaci{\'o}n y de Relaciones P{\'u}blicas de la Organizaci{\'o}n Meteorol{\'o}gica Mundial},
	volume={67},
	number={2},
	pages={1--3},
	year={2018}
}

@article{goyburo2021reconstruccion,
	title={Reconstrucci{\'o}n hist{\'o}rica y proyecciones de cambio clim{\'a}tico de la seguridad h{\'\i}drica en la cuenca Vilcanota, Urubamba},
	author={Goyburo Pe{\~n}a, Andr{\'e}s},
	year={2021},
	publisher={Universidad Nacional Agraria La Molina}
}

@article{rajat2022glacier,
	title={Glacier retreat in Himachal from 1994 to 2021 using deep learning},
	author={Rajat, Sharma and Singh, Banshtu Rajeshwar and Prakash, Chander and Anita, Sharma},
	journal={Remote Sensing Applications: Society and Environment},
	volume={28},
	pages={100870},
	year={2022},
	publisher={Elsevier}
}

@incollection{navarro20231975,
	title={1975--2018: 43 Years of Glacial Retreat in the Incachiriasca Glacier (Nevado Salcantay, Vilcabamba Range, Peru)},
	author={Navarro, {\'A}lvaro and {\'U}beda, Jose and G{\'o}mez, Jes{\'u}s and Pellitero, Ram{\'o}n},
	booktitle={Sustainable Development Goals in Europe: A Geographical Approach},
	pages={263--278},
	year={2023},
	publisher={Springer}
}

@article{sood2020monitoring,
	title={Monitoring and mapping of snow cover variability using topographically derived NDSI model over north Indian Himalayas during the period 2008--19},
	author={Sood, Vishakha and Singh, Sartajvir and Taloor, Ajay Kumar and Prashar, Shivendu and Kaur, Ravneet},
	journal={Applied Computing and Geosciences},
	volume={8},
	pages={100040},
	year={2020},
	publisher={Elsevier}
}

@article{drenkhan2018current,
	title={Current and future glacier and lake assessment in the deglaciating Vilcanota-Urubamba basin, Peruvian Andes},
	author={Drenkhan, Fabian and Guardamino, Luc{\'\i}a and Huggel, Christian and Frey, Holger},
	journal={Global and Planetary Change},
	volume={169},
	pages={105--118},
	year={2018},
	publisher={Elsevier}
}

@article{garcia2022estimacion,
	title={Estimaci{\'o}n del {\'a}rea superficial de un glaciar utilizando t{\'e}cnicas de procesamiento digital de im{\'a}genes satelitales obtenidas por el PERUSAT-I},
	author={Garcia Bazan, Lester Christopher},
	year={2022},
	publisher={Universidad Nacional de San Antonio Abad del Cusco}
}

@article{gaddam2022application,
	title={Application of “OTSU”—An image segmentation method for differentiation of snow and ice regions of glaciers and assessment of mass budget in Chandra basin, Western Himalaya using Remote Sensing and GIS techniques},
	author={Gaddam, Vinay Kumar and Boddapati, Ramya and Kumar, Tanooj and Kulkarni, Anil V and Bjornsson, Helgi},
	journal={Environmental Monitoring and Assessment},
	volume={194},
	number={5},
	pages={337},
	year={2022},
	publisher={Springer}
}

@article{bueno2023comparative,
	title={A comparative analysis of machine learning techniques for national glacier mapping: Evaluating performance through spatial cross-validation in Per{\'u}},
	author={Bueno, Marcelo and Macera, Briggitte and Montoya, Nilton},
	journal={Water},
	volume={15},
	number={24},
	pages={4214},
	year={2023},
	publisher={MDPI}
}

@article{ghaznavi2024comparative,
	title={Comparative performance analysis of simple U-Net, residual attention U-Net, and VGG16-U-Net for inventory inland water bodies},
	author={Ghaznavi, Ali and Saberioon, Mohammadmehdi and Brom, Jakub and Itzerott, Sibylle},
	journal={Applied Computing and Geosciences},
	volume={21},
	pages={100150},
	year={2024},
	publisher={Elsevier}
}

@article{malone2022evolution,
	title={The evolution of the two largest tropical ice masses since the 1980s},
	author={Malone, Andrew GO and Broglie, Eleanor T and Wrightsman, Mary},
	journal={Geosciences},
	volume={12},
	number={10},
	pages={365},
	year={2022},
	publisher={MDPI}
}

%% Bases teoricas
@article{menzies1995modern,
	title={Modern glacial environments: processes, dynamics, and sediments},
	author={Menzies, John},
	year={1995},
	publisher={Butterworth-Heinemann}
}

@article{ceballos2012glaciares,
	title={Glaciares de Colombia, m{\'a}s que monta{\~n}as con hielo},
	author={Ceballos, JL and Rodr{\'\i}guez Murcia, CE and Real-N{\'u}{\~n}ez, EL},
	journal={Bogot{\'a}: IDEAM},
	pages={344},
	year={2012}
}

@book{inaigem2023,
	title = {Inventario Nacional de Glaciares y Lagunas de Origen Glaciar 2023},
	author = {{Instituto Nacional de Investigación en Glaciares y Ecosistemas de Montaña}},
	year = {2023},
	address = {Huaraz},
	publisher = {INAIGEM}
}

@article{francou1999symptoms,
	title={Symptoms of degradation in a tropical rock glacier, Bolivian Andes},
	author={Francou, Bernard and Fabre, Denis and Pouyaud, Bernard and Jomelli, Vincent and Arnaud, Yves},
	journal={Permafrost and Periglacial Processes},
	volume={10},
	number={1},
	pages={91--100},
	year={1999},
	publisher={Wiley Online Library}
}

@article{veettil2017remote,
	title={Remote sensing of glaciers in the tropical Andes: a review},
	author={Veettil, Bijeesh K and Kamp, Ulrich},
	journal={International journal of remote sensing},
	volume={38},
	number={23},
	pages={7101--7137},
	year={2017},
	publisher={Taylor \& Francis}
}

@book{lliboutry1956,
	title = {Nieves y glaciares de Chile: fundamentos de glaciología},
	author = {Lliboutry, Louis},
	year = {1956},
	publisher = {Ediciones de la Universidad de Chile},
	address = {Santiago, Chile},
	url = {https://libros.uchile.cl/1339}
}

@article{anderson2016modeling,
	title={Modeling debris-covered glaciers: response to steady debris deposition},
	author={Anderson, Leif S and Anderson, Robert S},
	journal={The Cryosphere},
	volume={10},
	number={3},
	pages={1105--1124},
	year={2016},
	publisher={Copernicus Publications G{\"o}ttingen, Germany}
}

@article{potter1972ice,
	title={Ice-cored rock glacier, Galena Creek, northern Absaroka Mountains, Wyoming},
	author={Potter Jr, Noel},
	journal={Geological Society of America Bulletin},
	volume={83},
	number={10},
	pages={3025--3058},
	year={1972},
	publisher={Geological Society of America}
}

@article{delretroceso,
	title={RETROCESO GLACIAR E IMPACTO AMBIENTAL},
	author={DEL PERU, EN LOS MONTES ANDINOS}
}

@book{ipcc2019,
	title = {El océano y la criosfera en un clima cambiante. Informe especial del Grupo Intergubernamental de Expertos sobre el Cambio Climático. Resumen para responsables de políticas},
	author = {{IPCC}},
	year = {2019},
	publisher = {Unidad de Apoyo Técnico del Grupo de Trabajo II, Panel Intergubernamental sobre el Cambio Climático}
}


@article{bond2013,
	title = {Bounding the role of black carbon in the climate system: A scientific assessment},
	author = {Bond, T. C. and Doherty, S. J. and Fahey, D. W. and Forster, P. M. and Berntsen, T. and Deangelo, B. J. and Flanner, M. G. and Ghan, S. and Kärcher, B. and Koch, D. and Kinne, S. and Kondo, Y. and Quinn, P. K. and Sarofim, M. C. and Schultz, M. G. and Schulz, M. and Venkataraman, C. and Zhang, H. and Zhang, S. and Bellouin, N. and Guttikunda, S. K. and Hopke, P. K. and Jacobson, M. Z. and Kaiser, J. W. and Klimont, Z. and Lohmann, U. and Schwarz, J. P. and Shindell, D. and Storelvmo, T. and Warren, S. G. and Zender, C. S.},
	journal = {Journal of Geophysical Research: Atmospheres},
	volume = {118},
	number = {11},
	pages = {5380--5552},
	year = {2013},
	doi = {10.1002/jgrd.50171}
}


@article{gilardoni2022,
	title = {Black carbon, organic carbon, and mineral dust in South American tropical glaciers: A review},
	author = {Gilardoni, S. and Di Mauro, B. and Bonasoni, P.},
	journal = {Global and Planetary Change},
	volume = {213},
	pages = {103837},
	year = {2022},
	doi = {10.1016/j.gloplacha.2022.103837}
}

@article{torres2018,
	title = {Measurement of light absorbing particles in the snow of the Huaytapallana glacier in the central Andes of Peru and their effect on albedo and radiative forcing},
	author = {Torres, C. and Suárez, L. and Schmitt, C. and Estevan, R. and Helmig, D.},
	journal = {Óptica Pura y Aplicada},
	volume = {51},
	number = {4},
	pages = {1--14},
	year = {2018},
	doi = {10.7149/OPA.51.4.51004}
}
@article{bezerra2023cloud,
	title={A Cloud Coverage Image Reconstruction Approach for Remote Sensing of Temperature and Vegetation in Amazon Rainforest},
	author={Bezerra, Emili and Mafalda, Salom{\~a}o and Alvarez, Ana Beatriz and Uman-Flores, Diego Armando and Perez-Torres, William Isaac and Palomino-Quispe, Facundo},
	journal={Applied Sciences},
	volume={13},
	number={23},
	pages={12900},
	year={2023},
	publisher={MDPI}
}


@book{sobrino2001teledeteccion,
	title={Teledetecci{\'o}n},
	author={Sobrino, Jos{\'e} A},
	year={2001},
	publisher={Universitat de Valencia}
}

@misc{rojas2013radiacion,
	title={Radiaci{\'o}n electromagn{\'e}tica},
	author={Rojas Monsalvo, Katherine},
	year={2013},
	publisher={Universidad Pontificia Bolivariana}
}

@book{halliday2015physics,
	title={Physics, vol. 2},
	author={Halliday, David and Resnick, Robert and Krane, Kenneth S},
	year={2015},
	publisher={Wiley Custom Learning Solutions}
}

@online{geotig,
	title={Absorción y Dispersión},
	author={Espacio Geotig},
	year={Fecha de acceso},
	url={https://blogs.upm.es/espacio-geotig/absorcion-y-dispersion/}
}


@article{camps2011remote,
	title={Remote Sensing Image Processing. Synthesis Lectures on Image, Video, and Multimedia Processing.},
	author={Camps-Valls, Gustau and Tuia, Devis and G{\'o}mez-Chova, Luis and Jim{\'e}nez, Sandra and Malo, Jes{\'u}s},
	year={2011},
	publisher={Morgan and Claypool}
}

@article{chuvieco1996fundamentos,
	title={Fundamentos de la teledetecci{\'o}n espacial, Espa{\~n}a: Rialp},
	author={Chuvieco, E},
	journal={SA,},
	year={1996}
}

@article{meneses2012introduccao,
	title={Introdu{\c{c}}{\~a}o ao processamento de imagens de sensoriamento remoto},
	author={Meneses, Paulo Roberto and Almeida, T de},
	journal={Universidade de Bras{\'\i}lia, Bras{\'\i}lia},
	year={2012}
}

@misc{landsat8,
	author       = {NASA},
	title        = {Landsat 8 and 9 OLI/TIRS C2 L1 Data Format Control Book},
	year         = {2022},
	url          = {https://d9-wret.s3.us-west-2.amazonaws.com/assets/palladium/production/s3fs-public/atoms/files/LSDS-1822_Landsat8-9-OLI-TIRS-C2-L1-DFCB-v6.pdf},
	note         = {Accessed: 2024-11-01}
}

@online{eos,
	title={NDSI - Índice de Nieve y Hielo Normalizado},
	author={EOS},
	year={fecha de acceso},
	url={https://eos.com/es/make-an-analysis/ndsi/#:~:text=El%20%C3%ADndice%20NDSI%20es%20una,las%20partes%20visibles%20del%20espectro}
}

@book{jahne2005digital,
	title={Digital image processing},
	author={J{\"a}hne, Bernd},
	year={2005},
	publisher={Springer Science \& Business Media}
}

@book{gonzalez2008digital,
	author = {Gonzalez, Rafael C. and Woods, Richard E.},
	year = {2008},
	title = {Digital Image Processing},
	publisher = {Prentice Hall}
}

@book{prince2023understanding,
	title={Understanding deep learning},
	author={Prince, Simon JD},
	year={2023},
	publisher={MIT press}
}

@book{Goodfellow-et-al-2016,
	title={Deep Learning},
	author={Ian Goodfellow and Yoshua Bengio and Aaron Courville},
	publisher={MIT Press},
	note={\url{http://www.deeplearningbook.org}},
	year={2016}
}

@online{udacity2019colorimages,
	author = {Udacity},
	year = {2019},
	title = {L5 040 Color Images Part 1 V2},
	url = {https://www.youtube.com/watch?v=pJNusvS8pho}
}

@online{herdy_pytorch,
	title={PyTorch Semantic Image Segmentation},
	author={Herdy, Stefan},
	year={fecha de acceso},
	url={https://medium.com/@stefan.herdy/pytorch-semantic-image-segmentation-b726589662e3}
}

@online{ibm_semantic_segmentation,
	title={Segmentación semántica},
	organization={IBM},
	year={fecha de acceso},
	url={https://www.ibm.com/es-es/topics/semantic-segmentation}
}


@inproceedings{ronneberger2015u,
	title={U-net: Convolutional networks for biomedical image segmentation},
	author={Ronneberger, Olaf and Fischer, Philipp and Brox, Thomas},
	booktitle={Medical image computing and computer-assisted intervention--MICCAI 2015: 18th international conference, Munich, Germany, October 5-9, 2015, proceedings, part III 18},
	pages={234--241},
	year={2015},
	organization={Springer}
}

@inproceedings{he2016deep,
	title={Deep residual learning for image recognition},
	author={He, Kaiming and Zhang, Xiangyu and Ren, Shaoqing and Sun, Jian},
	booktitle={Proceedings of the IEEE conference on computer vision and pattern recognition},
	pages={770--778},
	year={2016}
}

@article{zhang2018road,
	title={Road extraction by deep residual u-net},
	author={Zhang, Zhengxin and Liu, Qingjie and Wang, Yunhong},
	journal={IEEE Geoscience and Remote Sensing Letters},
	volume={15},
	number={5},
	pages={749--753},
	year={2018},
	publisher={IEEE}
}

@article{chen2017deeplab,
	title={Deeplab: Semantic image segmentation with deep convolutional nets, atrous convolution, and fully connected crfs},
	author={Chen, Liang-Chieh and Papandreou, George and Kokkinos, Iasonas and Murphy, Kevin and Yuille, Alan L},
	journal={IEEE transactions on pattern analysis and machine intelligence},
	volume={40},
	number={4},
	pages={834--848},
	year={2017},
	publisher={IEEE}
}

@article{lin2023accurate,
	title={Accurate and automatic mapping of complex debris-covered glacier from remote sensing imagery using deep convolutional networks},
	author={Lin, Ruoshen and Mei, Gang and Xu, Nengxiong},
	journal={Geological Journal},
	volume={58},
	number={6},
	pages={2254--2267},
	year={2023},
	publisher={Wiley Online Library}
}

@inproceedings{chen2018encoder,
	title={Encoder-decoder with atrous separable convolution for semantic image segmentation},
	author={Chen, Liang-Chieh and Zhu, Yukun and Papandreou, George and Schroff, Florian and Adam, Hartwig},
	booktitle={Proceedings of the European conference on computer vision (ECCV)},
	pages={801--818},
	year={2018}
}

@book{ldcm-l8,
	title        = {Landsat Data Continuity Mission (LDCM) / Landsat 8: Science Data Users Handbook},
	author       = {U.S. Geological Survey},
	year         = {2013},
	publisher    = {United States Geological Survey (USGS)},
	url          = {https://www.un-spider.org/sites/default/files/LDCM-L8.R1.pdf},
}

@misc{landsat5_mission,
	author       = {{eoPortal Directory}},
	title        = {Landsat-4, -5},
	year         = {2024},
	url          = {https://www.eoportal.org/satellite-missions/landsat-4-5#landsat-5-1},
	note         = {Last accessed: October 19, 2024}
}


%% Mis fuentes Justificacion

@article{jimenez2021revision,
	title={Revisi{\'o}n sistem{\'a}tica de desglaciaci{\'o}n, extensi{\'o}n superficial y formaci{\'o}n de lagos en la cordillera de los Andes-Per{\'u} mediante m{\'e}todos de teledetecci{\'o}n, 2020},
	author={Jim{\'e}nez Tejeda, Larry Alexander and Tecse L{\'o}pez, Cesar Abelardo},
	year={2021},
	publisher={Universidad C{\'e}sar Vallejo}
}

@article{ramirez2008impactos,
	title={Impactos del cambio clim{\'a}tico y gesti{\'o}n del agua sobre la disponibilidad de recursos h{\'\i}dricos para las ciudades de La Paz y El Alto},
	author={Ram{\'\i}rez, Edson},
	journal={Revista Virtual LEDESMA},
	volume={2},
	number={3},
	pages={49--61},
	year={2008}
}

@online{mongabay,
	title={Cusco: La lucha por proteger al glaciar tropical más extenso del mundo},
	author={Mongabay Latam},
	year={2018},
	url={https://mongabay-latam.lamula.pe/2018/06/26/cusco-la-lucha-por-proteger-al-glaciar-tropical-mas-extenso-del-mundo/mongabaylatam/}
}

@article{aliaga2018retroceso,
	title={Retroceso glaciar del Nevado Huaytapallana como consecuencia del calentamiento global},
	author={Aliaga, Jacinto Arroyo and Cosme, Lourdes Artica},
	journal={Naturaleza y Sociedad},
	volume={1},
	number={1},
	year={2018}
}


@online{worldweathernetwork2024,
	author    = {World Weather Network},
	title     = {Mali Report 4.2},
	year      = {2024},
	url       = {https://worldweathernetwork.org/report/mali-report-4-2/},
	note      = {Accedido: 2024-11-12}
}

%%  Cap. 4
@online{usgs_landsat_2024,
	title        = {Landsat Collection 2 Level-2 Science Products},
	author       = {{U.S. Geological Survey (USGS)}},
	year         = 2024,
	url          = {https://www.usgs.gov/landsat-missions/landsat-collection-2-level-2-science-products},
	note         = {Accessed: 2024-08-26}
}

@article{perez2024exploratory,
	title={Exploratory Analysis Using Deep Learning for Water-Body Segmentation of Peru’s High-Mountain Remote Sensing Images},
	author={Perez-Torres, William Isaac and Uman-Flores, Diego Armando and Quispe-Quispe, Andres Benjamin and Palomino-Quispe, Facundo and Bezerra, Emili and Leher, Quefren and Paix{\~a}o, Thuanne and Alvarez, Ana Beatriz},
	journal={Sensors},
	volume={24},
	number={16},
	pages={5177},
	year={2024},
	publisher={MDPI}
}

@misc{usgs_landsat,
	author       = {U.S. Geological Survey},
	title        = {Landsat Collection 2 Level 1 Data},
	year         = {2024},
	url          = {https://www.usgs.gov/landsat-missions/landsat-collection-2-level-1-data},
	note         = {Accessed: 2024-10-14},
}


@online{pytorch-lr-scheduler,
	author       = {PyTorch},
	title        = {torch.optim.lr\_scheduler.ReduceLROnPlateau},
	year         = {2024},
	url          = {https://pytorch.org/docs/stable/generated/torch.optim.lr_scheduler.ReduceLROnPlateau.html},
	note         = {Accessed: 2024-08-26}
}

@article{montazerolghaem2023u,
	title={U-Net architecture for prostate segmentation: the impact of loss function on system performance},
	author={Montazerolghaem, Maryam and Sun, Yu and Sasso, Giuseppe and Haworth, Annette},
	journal={Bioengineering},
	volume={10},
	number={4},
	pages={412},
	year={2023},
	publisher={MDPI}
}

@article{taylor2022multi,
	title={Multi-decadal glacier area and mass balance change in the Southern Peruvian Andes},
	author={Taylor, Liam S and Quincey, Duncan J and Smith, Mark W and Potter, Emily R and Castro, Joshua and Fyffe, Catriona L},
	journal={Frontiers in Earth Science},
	volume={10},
	pages={863933},
	year={2022},
	publisher={Frontiers Media SA}
}

@article{hanshaw2014glacial,
	title={Glacial areas, lake areas, and snow lines from 1975 to 2012: status of the Cordillera Vilcanota, including the Quelccaya Ice Cap, northern central Andes, Peru},
	author={Hanshaw, Maiana Natania and Bookhagen, Bodo},
	journal={The Cryosphere},
	volume={8},
	number={2},
	pages={359--376},
	year={2014},
	publisher={Copernicus GmbH}
}

@article{malone2022evolution,
	title={The evolution of the two largest tropical ice masses since the 1980s},
	author={Malone, Andrew GO and Broglie, Eleanor T and Wrightsman, Mary},
	journal={Geosciences},
	volume={12},
	number={10},
	pages={365},
	year={2022},
	publisher={MDPI}
}
@article{montoya2024estimation,
	title={Estimation of Glacier Outline and Volume Changes in the Vilcanota Range Snow-Capped Mountains, Peru, Using Temporal Series of Landsat and a Combination of Satellite Radar and Aerial LIDAR Images},
	author={Montoya-Jara, Nilton and Loayza, Hildo and Guti{\'e}rrez-Rosales, Raymundo Oscar and Bueno, Marcelo and Quiroz, Roberto},
	journal={Remote Sensing},
	volume={16},
	number={20},
	pages={3901},
	year={2024},
	publisher={MDPI}
}
